@misc{requirements,
	author = {Martin Matthew},
	title = {Functional Requirements vs Non Functional Requirements: Differences},
	url = {https://www.guru99.com/functional-vs-non-functional-requirements.html},
	urldate = {2021-11-15},
	year = {2021},
	howpublished = {online}
}

@misc{phpbb,
	title = {phpBB • Free and Open Source Forum Software},
	url = {https://www.phpbb.com/},
	urldate = {2021-12-03},
	year = {2021},
	howpublished = {online}
}

@misc{deviceusage,
	author = {Eric Enge},
	title = {Mobile vs. Desktop Usage in 2020},
	url = {https://www.perficient.com/insights/research-hub/mobile-vs-desktop-usage},
	urldate = {2021-12-06}, % zverejneno March 23 2021
	year = {2021},
	howpublished = {online}
}

@misc{esports,
	author = {{eSports, s.r.o.}}, % má cenu uvádět?
	title = {KIS - Klubový Informační Systém, online správa sportovního oddílu},
	url = {https://www.esports.cz/kis/},
	urldate = {2021-11-11},
	year = {2021},
	howpublished = {online}
}

@misc{ceskyhokej,
	title = {Klubový informační systém je oporou pro sportovní kluby},
	url = {https://www.ceskyhokej.cz/clanky/klubovy-informacni-system-je-oporou-pro-sportovni-kluby},
	urldate = {2021-11-11},
	year = {2021},
	howpublished = {online}
}

@misc{sportes,
	title = {Administrativní a evidenční systém pro sportovní kluby - Sportes},
	url = {https://www.sportes.cz/},
	urldate = {2021-11-12},
	year = {2021},
	howpublished = {online}
}

@misc{tymuj,
	title = {Týmuj},
	url = {https://tymuj.cz/about-us},
	urldate = {2021-12-02},
	year = {2021},
	howpublished = {online}
}

@thesis{fimuni2021,
	author = {Dalibor Pantlík},
	title = {Informační systém sportovního klubu Taekwonda},
	howpublished = {online},
	location = {Brno},
	year = {2021},
	urldate = {2021-12-06},
	type = {Bakalářská práce},
	institution = {Masarykova univerzita, Fakulta informatiky, Brno},
	supervisor = {Jaromír Plhák},
	url = {https://is.muni.cz/th/vz3sr/}
}

@thesis{fitcvut2016,
	author = {Michal Jirka},
	title = {Informační systém pro sportovní klub},
	howpublished = {online},
	location = {Praha},
	year = {2016},
	urldate = {2021-12-06},
	type = {Bakalářská práce},
	institution = {ČVUT v Praze, Fakulta informačních technologií, katedra softwarového inženýrství},
	supervisor = {Michal Šoch},
	url = {https://dspace.cvut.cz/handle/10467/66510}
}

@thesis{fisvse2013,
	author = {Jan Krug},
	title = {Informační systém pro sportovní kluby},
	howpublished = {online},
	location = {Praha},
	year = {2013},
	urldate = {2021-12-06},
	type = {Diplomová práce},
	institution = {VŠE v Praze, Fakulta informatiky a statistiky, Katedra informačních technologií},
	supervisor = {Zbyněk Šlajchrt},
	url = {https://vskp.vse.cz/35996_informacni_system_pro_sportovni_kluby}
}

@misc{usecases,
	title = {Analýza a sběr požadavků},
	url = {https://moodle-vyuka.cvut.cz/pluginfile.php/437169/mod_resource/content/5/03.prednaska.pdf},
	urldate = {2022-01-10},
	year = {2021},
	howpublished = {online}
}
